@article{thomas,
    author  = "Thomas, L.H.",
    title   = "Elliptic Problems in Linear Differential Equations over a Network",
    year    = "1949",
    journal = "Watson Sci. Comput. Lab Report"
}
@online{morten,
    author = "Morten Hjorth-Jensen",
    title = "Computational Physics, lecture notes fall 2015",
    year = "2015",
    url = "https://github.com/CompPhysics/ComputationalPhysics/blob/master/doc/Lectures/lectures2015.pdf"
}
@online{kristian,
    author = "Kristian Gjestad Vangsnes",
    title = "Github repository",
    url = "https://github.com/krissvang/CompPhys"
}